@book{2017-rosasco,
  title={Introductory Machine Learning Notes},
  author={Lorenzo Rosasco},
  note={\url{http://lcsl.mit.edu/courses/ml/1718/MLNotes.pdf}},
  year={2017},
  publisher={MIT Press}
}

@book{2019-kuhn-johnson,
	title={Feature Engineering and Selection: A Practical Approach for Predictive Models},
	author={Max Kuhn and Kjell Johnson},
	note={\url{http://www.feat.engineering/index.html}},
	year={2019},
	publisher={Taylor \& Francis}
}

@book{2021-deisenroth-all,
	title={Mathematics for Machine Learning},
	author={Marc Peter Deisenroth and A. Aldo Faisal and Cheng Soon Ong},
	note={\url{https://mml-book.github.io/book/mml-book.pdf}},
	year={2021},
	publisher={Cambridge University Press}
}

@book{2017-maini-sabri,
	title={Machine Learning	for Humans},
	author={Vishal Maini and Samer Sabri},
	note={\url{https://everythingcomputerscience.com/books/Machine\%20Learning\%20for\%20Humans.pdf}},
	year={2017},
	publisher={Self}
}

@book{2018-maini-sabri,
	title={Foundation of machine learning},
	author={Mehryar Mohri, Afshin Rostamizadeh, and Ameet Talwalkar},
	note={\url{https://cs.nyu.edu/~mohri/mlbook/}},
	year={2018},
	publisher={MIT Press}
}

@book{2017-daume3,
	title={A Course in Machine Learning},
	author={Mehryar Mohri, Afshin Rostamizadeh, and Ameet Talwalkar},
	note={\url{http://ciml.info}},
	year={2017},
	publisher={Self}
}

@book{2021-zhang-all,
	title={Dive into Deep Learning},
	author={Zhang, Aston and Lipton, Zachary C. and Li, Mu and Smola, Alexander J.},
	note={\url{https://d2l.ai/index.html}},
	year={2021},
	publisher={Online}
}

@book{2018-ng,
	title={Machine learning yearning},
	author={Andrew Ng},
	note={\url{https://github.com/ajaymache/machine-learning-yearning/raw/master/full\%20book/machine-learning-yearning.pdf}},
	year={2021},
	publisher={deeplearning.ai}
}
