@inproceedings{2006-metsis-al,
  title={Spam Filtering with Naive Bayes - Which Naive Bayes?},
  author={Vangelis Metsis and Ion Androutsopoulos and Georgios Paliouras},
  booktitle={International Conference on Email and Anti-Spam},
  year={2006},
  url={https://api.semanticscholar.org/CorpusID:18749628}
}
