
@Misc{2021-google-prep,
	author = {{Google Developers}},
	title = {Data Preparation and Feature Engineering in ML},
	howpublished = {Cours en ligne},
	year = {2021},
	note = {\url{https://developers.google.com/machine-learning/data-prep} [visité : 05 Avril 2021]},
	OPTannote = {annote},
} 

@Misc{2021-google-crash,
	author = {{Google Developers}},
	title = {Machine Learning crash course},
	howpublished = {Cours en ligne},
	year = {2021},
	note = {\url{https://developers.google.com/machine-learning/crash-course} [visité : 05 Avril 2021]},
	OPTannote = {annote},
} 


@Misc{2020-sklearn-man,
	author = {{scikit-learn developers}},
	title = {scikit-learn API Reference},
	howpublished = {Documentation},
	year = {2020},
	note = {\url{https://scikit-learn.org/stable/modules/classes.html#} [visité : 05 Avril 2021]},
	OPTannote = {annote},
} 

@Misc{2021-imbalanced-man,
	author = {{The imbalanced-learn developers}},
	title = {imbalanced-learn documentation},
	howpublished = {Documentation},
	year = {2021},
	note = {\url{https://imbalanced-learn.org/stable/} [visité : 05 Avril 2021]},
	OPTannote = {annote},
} 