@book{2017-cain,
	title = {Artificial Neural Networks: New Research},
	year = {2017},
	editor = {Gayle Cain},
	series = {Computer Science, Technology and Applications},
	publisher = { Nova Science Publishers},
	isbn = {978-1-63485-964-6},
}
 
@book{2020-calin,
	title = {Deep Learning Architectures: A Mathematical Approach},
	year = {2020},
	author = {Ovidiu Calin},
	series = {Springer Series in the Data Sciences},
	publisher = {Springer International Publishing},
	isbn = {978-3-030-36721-3},
	doi = {10.1007/978-3-030-36721-3},
}

@inproceedings{2015-kingma-ba,
	author    = {Diederik P. Kingma and
	Jimmy Ba},
	editor    = {Yoshua Bengio and
	Yann LeCun},
	title     = {Adam: {A} Method for Stochastic Optimization},
	booktitle = {3rd International Conference on Learning Representations, {ICLR} 2015,
	San Diego, CA, USA, May 7-9, 2015, Conference Track Proceedings},
	year      = {2015},
	url       = {http://arxiv.org/abs/1412.6980},
	timestamp = {Thu, 25 Jul 2019 14:25:37 +0200},
	biburl    = {https://dblp.org/rec/journals/corr/KingmaB14.bib},
	bibsource = {dblp computer science bibliography, https://dblp.org}
}

@ARTICLE{2019-sun-al,  
	author={S. {Sun} and Z. {Cao} and H. {Zhu} and J. {Zhao}},  
	journal={IEEE Transactions on Cybernetics},   
	title={A Survey of Optimization Methods From a Machine Learning Perspective},   
	year={2019},  
	volume={},  
	number={},  
	pages={1-14},
	url= {https://arxiv.org/pdf/1906.06821.pdf},
}


@article{2011-duchi-al,
	author = {Duchi, John and Hazan, Elad and Singer, Yoram},
	title = {Adaptive Subgradient Methods for Online Learning and Stochastic Optimization},
	year = {2011},
	issue_date = {2/1/2011},
	publisher = {JMLR.org},
	volume = {12},
	number = {null},
	issn = {1532-4435},
	journal = {J. Mach. Learn. Res.},
	month = jul,
	pages = {2121–2159},
	numpages = {39}
}

@misc{2017-rosenberg,
	author = {David S. Rosenberg},
	title = {Loss Functions for Regression and Classification},
	date = {2017},
	howpublished = {Présentation (Bloomberg ML EDU)},
}

@misc{2016-keras,
	author = {Francois Chollet},
	title = {Building Autoencoders in Keras},
	date = {2016},
	howpublished = {Tutoriel en ligne},
	note = {\url{https://blog.keras.io/building-autoencoders-in-keras.html} [10 June 2020]},
}


@inproceedings{2013-lu,
	title={Speech enhancement based on deep denoising autoencoder.},
	author={Lu, Xugang and Tsao, Yu and Matsuda, Shigeki and Hori, Chiori},
	booktitle={Interspeech},
	pages={436--440},
	year={2013}
}


@INPROCEEDINGS{2019-neji,
	author={H. {Neji} and J. {Nogueras-Iso} and J. {Lacasta} and M. {Ben Halima} and A. M. {Alimi}},
	booktitle={2019 International Conference on Document Analysis and Recognition Workshops (ICDARW)}, 
	title={Adversarial Autoencoders for Denoising Digitized Historical Documents: The Use Case of Incunabula}, 
	year={2019},
	volume={6},
	number={},
	pages={31-34},
}

@inproceedings{2017-li-al,
	title={Generative face completion},
	author={Li, Yijun and Liu, Sifei and Yang, Jimei and Yang, Ming-Hsuan},
	booktitle={Proceedings of the IEEE Conference on Computer Vision and Pattern Recognition},
	pages={3911--3919},
	year={2017}
}

@article{2010-alginahi,
	title={Preprocessing techniques in character recognition},
	author={Alginahi, Yasser},
	journal={Character recognition},
	volume={1},
	pages={1--19},
	year={2010},
	publisher={InTech}
}

@ARTICLE{1998-lecun,
	author={Y. {Lecun} and L. {Bottou} and Y. {Bengio} and P. {Haffner}},
	journal={Proceedings of the IEEE}, 
	title={Gradient-based learning applied to document recognition}, 
	year={1998},
	volume={86},
	number={11},
	pages={2278-2324},
	note={\url{http://yann.lecun.com/exdb/publis/pdf/lecun-01a.pdf} [14 juin 2020]}
}

@misc{2019-feifei,
	author = {Fei-Fei Li and Ranjay Krishna and Danfei Xu},
	title = {Lecture 5:	Convolutional Neural Networks},
	date = {2019},
	howpublished = {Cours "Convolutional Neural Networks for Visual Recognition"},
	note = {\url{http://cs231n.stanford.edu/slides/2020/lecture_5.pdf} [15 juin 2020]},
}


@misc{2020-amidi,
	author = { Afshine Amidi and Shervine Amidi},
	title = {CS 230 ― Deep Learning},
	date = {2020},
	howpublished = {Cours en ligne},
	note = {\url{https://stanford.edu/~shervine/l/fr/teaching/cs-230/} [15 juin 2020]},
}

@inproceedings{2017-vaswani-al,
title	= {Attention is All You Need},
author	= {Ashish Vaswani and Noam Shazeer and Niki Parmar and Jakob Uszkoreit and Llion Jones and Aidan N. Gomez and Lukasz Kaiser and Illia Polosukhin},
year	= {2017},
URL	= {https://arxiv.org/pdf/1706.03762.pdf}
}

@misc{2018-jordan,
	author = {JEREMY JORDAN},
	title = {Variational autoencoders},
	date = {2018},
	howpublished = {Blog},
	note = {\url{https://www.jeremyjordan.me/variational-autoencoders/} [16 juin 2020]},
}

@ARTICLE{1990-werbos,
	author={P. J. {Werbos}},
	journal={Proceedings of the IEEE}, 
	title={Backpropagation through time: what it does and how to do it}, 
	year={1990},
	volume={78},
	number={10},
	pages={1550-1560},
	note={\url{http://axon.cs.byu.edu/~martinez/classes/678/Papers/Werbos_BPTT.pdf} [16 juin 2020]},
}

@book{2019-vasilev,
	author = {Ivan Vasilev},
	title = {Advanced Deep Learning with Python : Design and implement advanced next-generation AI solutions using TensorFlow and PyTorch},
	year = {2019},
	publisher = {Packt},
	isbn={978-1-78995-617-7},
	note={Codes : \url{https://github.com/ivan-vasilev/advanced-deep-learning-with-python} [16 juin 2020]},
}


@article{zhang2021dive,
    title={Dive into Deep Learning},
    author={Zhang, Aston and Lipton, Zachary C. and Li, Mu and Smola, Alexander J.},
    journal={arXiv preprint arXiv:2106.11342},
    year={2021},
    note={\url{https://d2l.ai/index.html} [29 mai 2022]},
}
